% !Mode:: "TeX:UTF-8"

@article{goodman2001bit,
  title={A bit of progress in language modeling},
  author={Goodman, Joshua T},
  journal={Computer Speech \& Language},
  volume={15},
  number={4},
  pages={403--434},
  year={2001},
  publisher={Elsevier}
}

@inproceedings{povey2011kaldi,
  title={The Kaldi speech recognition toolkit},
  author={Povey, Daniel and Ghoshal, Arnab and Boulianne, Gilles and Burget, Lukas and Glembek, Ondrej and Goel, Nagendra and Hannemann, Mirko and Motlicek, Petr and Qian, Yanmin and Schwarz, Petr and others},
  booktitle={IEEE 2011 workshop on automatic speech recognition and understanding},
  number={EPFL-CONF-192584},
  year={2011},
  organization={IEEE Signal Processing Society}
}

@article{davis1980comparison,
  title={Comparison of parametric representations for monosyllabic word recognition in continuously spoken sentences},
  author={Davis, Steven and Mermelstein, Paul},
  journal={IEEE transactions on acoustics, speech, and signal processing},
  volume={28},
  number={4},
  pages={357--366},
  year={1980},
  publisher={IEEE}
}

@article{hermansky1990perceptual,
  title={Perceptual linear predictive (PLP) analysis of speech},
  author={Hermansky, Hynek},
  journal={the Journal of the Acoustical Society of America},
  volume={87},
  number={4},
  pages={1738--1752},
  year={1990},
  publisher={Acoustical Society of America}
}

@article{juang1987use,
  title={On the use of bandpass liftering in speech recognition},
  author={Juang, Biing-Hwang and Rabiner, L and Wilpon, JG},
  journal={IEEE Transactions on acoustics, speech, and signal processing},
  volume={35},
  number={7},
  pages={947--954},
  year={1987},
  publisher={IEEE}
}

@article{stevens1940,
  title={The relation of pitch to frequency: A revised scale},
  author={Stevens, Stanley S and Volkmann, John},
  journal={The American Journal of Psychology},
  volume={53},
  number={3},
  pages={329--353},
  year={1940},
  publisher={JSTOR}
}

@article{sakoe1978dynamic,
  title={Dynamic programming algorithm optimization for spoken word recognition},
  author={Sakoe, Hiroaki and Chiba, Seibi},
  journal={IEEE transactions on acoustics, speech, and signal processing},
  volume={26},
  number={1},
  pages={43--49},
  year={1978},
  publisher={IEEE}
}

@article{yao2009research,
  title={Research on Tibetan Isolated-word Speech Recognition System [J]},
  author={YAO, Xu and SHAN, Guang-rong and YU, Hong-zhi},
  journal={Journal of Northwest University for Nationalities (Natural Science)},
  volume={1},
  pages={011},
  year={2009}
}

@article{li2012research,
  title={Research on Acoustic Model of Large-vocabulary Continuous Speech Recognition for Lhasa Tibetan},
  author={LI, Guan-yu and Meng, Meng},
  journal={Computer Engineering},
  volume={5},
  pages={189--191},
  year={2012}
}

@inproceedings{li2014large,
  title={Large-Vocabulary Continuous Speech Recognition of Lhasa Tibetan},
  author={Li, Guan Yu and Yu, Hong Zhi},
  booktitle={Applied Mechanics and Materials},
  volume={519},
  pages={802--806},
  year={2014},
  organization={Trans Tech Publ}
}

@inproceedings{wang2014cross,
  title={Cross-language speech attribute detection and phone recognition for Tibetan using deep learning},
  author={Wang, Hui and Zhao, Yue and Xu, Yanmin and Xu, Xiaona and Suo, Xingmei and Ji, Qiang},
  booktitle={Chinese Spoken Language Processing (ISCSLP), 2014 9th International Symposium on},
  pages={474--477},
  year={2014},
  organization={IEEE}
}

@inproceedings{zhao2015shared,
  title={Shared speech attribute augmentation for English-Tibetan cross-language phone recognition},
  author={Zhao, Yue and Zhou, Nan and Zhang, Libing and Wu, Licheng and Zheng, Rui and Wang, Xiaoyang and Ji, Qiang},
  booktitle={2015 IEEE International Symposium on Signal Processing and Information Technology (ISSPIT)},
  pages={539--543},
  year={2015},
  organization={IEEE}
}

@article{dahl2012context,
  title={Context-dependent pre-trained deep neural networks for large-vocabulary speech recognition},
  author={Dahl, George E and Yu, Dong and Deng, Li and Acero, Alex},
  journal={IEEE Transactions on Audio, Speech, and Language Processing},
  volume={20},
  number={1},
  pages={30--42},
  year={2012},
  publisher={IEEE}
}

@inproceedings{hermansky2000tandem,
  title={Tandem connectionist feature extraction for conventional HMM systems},
  author={Hermansky, Hynek and Ellis, Daniel PW and Sharma, Sangita},
  booktitle={Acoustics, Speech, and Signal Processing, 2000. ICASSP'00. Proceedings. 2000 IEEE International Conference on},
  volume={3},
  pages={1635--1638},
  year={2000},
  organization={IEEE}
}

@inproceedings{hu2010lhasa,
  title={Lhasa tones},
  author={Hu, Fang and Xiong, Ziyu},
  booktitle={Proceedings of the 5th international conference on speech prosody},
  year={2010}
}

@misc{Yudaoquan,
  title={藏汉拉萨口语词典},
  author={于道泉},
  year={1983},
  publisher={北京: 民族出版社}
}

@article{chao1980system,
  title={A system of tone letters},
  author={Chao, YR},
  journal={Le Ma{\i}Vtre PhoneTtique},
  year={1980}
}

@article{kleijn1995robust,
  title={A robust algorithm for pitch tracking},
  author={Kleijn, W Baastian and Paliwal, Kuldip K},
  journal={Speech Coding and Synthesis, Elsevier, New York},
  year={1995}
}

@inproceedings{lee2012noise,
  title={Noise robust pitch tracking by subband autocorrelation classification},
  author={Lee, Byung Suk and Ellis, Daniel PW},
  booktitle={Interspeech},
  pages={707--710},
  year={2012}
}

@inproceedings{ghahremani2014pitch,
  title={A pitch extraction algorithm tuned for automatic speech recognition},
  author={Ghahremani, Pegah and BabaAli, Bagher and Povey, Daniel and Riedhammer, Korbinian and Trmal, Jan and Khudanpur, Sanjeev},
  booktitle={2014 IEEE International Conference on Acoustics, Speech and Signal Processing (ICASSP)},
  pages={2494--2498},
  year={2014},
  organization={IEEE}
}

@article{plante1995pitch,
  title={A pitch extraction reference database},
  author={Plante, F and Meyer, GF and Ainsworth, WA},
  journal={Children},
  volume={8},
  number={12},
  pages={30--50},
  year={1995}
}

@inproceedings{lei2006improved,
  title={Improved tone modeling for Mandarin broadcast news speech recognition.},
  author={Lei, Xin and Siu, Man-Hung and Hwang, Mei-Yuh and Ostendorf, Mari and Lee, Tan},
  booktitle={INTERSPEECH},
  year={2006}
}

@article{fritsch1980monotone,
  title={Monotone piecewise cubic interpolation},
  author={Fritsch, Frederick N and Carlson, Ralph E},
  journal={SIAM Journal on Numerical Analysis},
  volume={17},
  number={2},
  pages={238--246},
  year={1980},
  publisher={SIAM}
}

@article{xu2011minimum,
  title={Minimum bayes risk decoding and system combination based on a recursion for edit distance},
  author={Xu, Haihua and Povey, Daniel and Mangu, Lidia and Zhu, Jie},
  journal={Computer Speech \& Language},
  volume={25},
  number={4},
  pages={802--828},
  year={2011},
  publisher={Elsevier}
}

@inproceedings{allauzen2007openfst,
  title={OpenFst: A general and efficient weighted finite-state transducer library},
  author={Allauzen, Cyril and Riley, Michael and Schalkwyk, Johan and Skut, Wojciech and Mohri, Mehryar},
  booktitle={International Conference on Implementation and Application of Automata},
  pages={11--23},
  year={2007},
  organization={Springer}
}

@article{mohri2002weighted,
  title={Weighted finite-state transducers in speech recognition},
  author={Mohri, Mehryar and Pereira, Fernando and Riley, Michael},
  journal={Computer Speech \& Language},
  volume={16},
  number={1},
  pages={69--88},
  year={2002},
  publisher={Elsevier}
}

@book{yu2012automatic,
  title={Automatic Speech Recognition},
  author={Yu, Dong and Deng, Li},
  year={2012},
  publisher={Springer}
}
